@inproceedings{giordano:2015:lrvb,
  title={Linear response methods for accurate covariance estimates from mean field variational {B}ayes},
  author={Giordano, R.~J. and Broderick, T. and Jordan, M.~I.},
  booktitle={Advances in Neural Information Processing Systems},
  pages={1441--1449},
  year={2015}
}

@article{giordano:2016:robust,
  title={Fast robustness quantification with variational {Bayes}},
  author={Giordano, R.~J. and Broderick, T. and Meager, R. and Huggins, J. and Jordan, M.~I.},
  journal={arXiv preprint arXiv:1606.07153},
  year={2016}
}

@article{giordano:2017:covariances,
  author  = {Ryan Giordano and Tamara Broderick and Michael I. Jordan},
  title   = {Covariances, Robustness, and Variational {B}ayes},
  journal = {Journal of Machine Learning Research},
  year    = {2018},
  volume  = {19},
  number  = {51},
  pages   = {1-49},
  url     = {http://jmlr.org/papers/v19/17-670.html}
}

@inproceedings{giordano:2019:ij,
  title={A {S}wiss Army Infinitesimal Jackknife},
  author={Giordano, R. and Stephenson, W. and Liu, R. and Jordan, M.~I. and Broderick, T.},
  booktitle={The 22nd International Conference on Artificial Intelligence and Statistics},
  pages={1139--1147},
  year={2019}
}

@article{winther:2015:mind,
  title={The mind, the lab, and the field: {T}hree kinds of populations in scientific practice},
  author={Winther, R. and Giordano, R. and Edge, M. and Nielsen, R.},
  journal={Studies in History and Philosophy of Science Part C: Studies in History and Philosophy of Biological and Biomedical Sciences},
  volume={52},
  pages={12--21},
  year={2015},
  publisher={Elsevier}
}

@inproceedings{regier:2018:cataloging,
  title={Cataloging the Visible Universe through {Bayesian} Inference at Petascale},
  author={Regier, J. and Pamnany, K. and Fischer, K. and Noack, A. and Lam, M. and Revels, J. and Howard, S. and Giordano, R. and Schlegel, D. and McAuliffe, J.},
  booktitle={2018 IEEE International Parallel and Distributed Processing Symposium (IPDPS)},
  pages={44--53},
  year={2018},
  organization={IEEE}
}
